<record><leader>00000cas a2200000 i 4500</leader><controlfield tag="001">857585856</controlfield><controlfield tag="006">m     o  d        </controlfield><controlfield tag="007">cr |||||||||||</controlfield><controlfield tag="008">130904d18511937pauwr neo     0   a0eng  </controlfield><datafield ind1=" " ind2=" " tag="010"><subfield code="a">  2013218954</subfield></datafield><datafield ind1=" " ind2=" " tag="040"><subfield code="a">DLC</subfield><subfield code="b">eng</subfield><subfield code="e">rda</subfield><subfield code="c">DLC</subfield><subfield code="d">OCLCF</subfield></datafield><datafield ind1="0" ind2=" " tag="022"><subfield code="a">2330-8419</subfield><subfield code="2">1</subfield></datafield><datafield ind1="1" ind2=" " tag="029"><subfield code="a">NZ1</subfield><subfield code="b">15124344</subfield></datafield><datafield ind1=" " ind2=" " tag="042"><subfield code="a">pcc</subfield><subfield code="a">nsdp</subfield></datafield><datafield ind1=" " ind2=" " tag="043"><subfield code="a">n-us-pa</subfield></datafield><datafield ind1="1" ind2="0" tag="050"><subfield code="a">ISSN RECORD</subfield></datafield><datafield ind1="0" ind2="0" tag="082"><subfield code="a">071</subfield><subfield code="2">23</subfield></datafield><datafield ind1="0" ind2=" " tag="130"><subfield code="a">Clearfield Republican (Online)</subfield></datafield><datafield ind1=" " ind2="0" tag="222"><subfield code="a">Clearfield Republican</subfield><subfield code="b">(Online)</subfield></datafield><datafield ind1="1" ind2="0" tag="245"><subfield code="a">Clearfield Republican.</subfield></datafield><datafield ind1=" " ind2="1" tag="264"><subfield code="a">Clearfield [Pa.] :</subfield><subfield code="b">D. W. Moore and Clark Wilson</subfield></datafield><datafield ind1=" " ind2=" " tag="310"><subfield code="a">Weekly</subfield></datafield><datafield ind1=" " ind2=" " tag="336"><subfield code="a">text</subfield><subfield code="b">txt</subfield><subfield code="2">rdacontent</subfield></datafield><datafield ind1=" " ind2=" " tag="337"><subfield code="a">computer</subfield><subfield code="b">c</subfield><subfield code="2">rdamedia</subfield></datafield><datafield ind1=" " ind2=" " tag="338"><subfield code="a">online resource</subfield><subfield code="b">cr</subfield><subfield code="2">rdacarrier</subfield></datafield><datafield ind1="1" ind2=" " tag="362"><subfield code="a">Began in Feb. 1851; ceased June 1, 1937.</subfield></datafield><datafield ind1=" " ind2=" " tag="500"><subfield code="a">Publishers: D.W. Moore, &lt;1851&gt;; G.B. Goodlander &amp; Co., &lt;1861&gt;; Goodlander &amp; Hagerty, &lt;1873&gt;; John F. Short, &lt;1914&gt;.</subfield></datafield><datafield ind1=" " ind2=" " tag="500"><subfield code="a">"Democratic," &lt;1861&gt;.</subfield></datafield><datafield ind1=" " ind2=" " tag="588"><subfield code="a">Description based on: Volume 5, number 26 (Aug. 2, 1854); title from masthead (Chroniclingamerica.loc.gov, viewed September 4, 2013).</subfield></datafield><datafield ind1=" " ind2=" " tag="588"><subfield code="a">Latest issue consulted: Vol. 55, whole no. 2,751, new series , vol. 22, no. 48 (December 7, 1881) (Chroniclingamerica.loc.gov, viewed September 4, 2013).</subfield></datafield><datafield ind1=" " ind2="0" tag="651"><subfield code="a">Clearfield (Clearfield County, Pa.)</subfield><subfield code="v">Newspapers.</subfield></datafield><datafield ind1=" " ind2="0" tag="651"><subfield code="a">Clearfield County (Pa.)</subfield><subfield code="v">Newspapers.</subfield></datafield><datafield ind1=" " ind2="7" tag="655"><subfield code="a">Newspapers.</subfield><subfield code="2">fast</subfield><subfield code="0">(OCoLC)fst01423814</subfield></datafield><datafield ind1=" " ind2="7" tag="651"><subfield code="a">Pennsylvania</subfield><subfield code="z">Clearfield (Clearfield County)</subfield><subfield code="2">fast</subfield><subfield code="0">(OCoLC)fst01313658</subfield></datafield><datafield ind1=" " ind2="7" tag="651"><subfield code="a">Pennsylvania</subfield><subfield code="z">Clearfield County.</subfield><subfield code="2">fast</subfield><subfield code="0">(OCoLC)fst01209832</subfield></datafield><datafield ind1=" " ind2=" " tag="752"><subfield code="a">United States</subfield><subfield code="b">Pennsylvania</subfield><subfield code="c">Clearfield</subfield><subfield code="d">Clearfield.</subfield></datafield><datafield ind1="0" ind2="8" tag="776"><subfield code="i">Originally issued in print:</subfield><subfield code="t">Clearfield Republican</subfield><subfield code="x">2330-8400</subfield><subfield code="w">(DLC)sn 83032199</subfield><subfield code="w">(OCoLC)10209066</subfield></datafield><datafield ind1="0" ind2="0" tag="780"><subfield code="t">Country dollar (Online)</subfield></datafield><datafield ind1="0" ind2="0" tag="785"><subfield code="t">Clearfield times (Online)</subfield></datafield><datafield ind1="4" ind2="0" tag="856"><subfield code="u">http://chroniclingamerica.loc.gov/lccn/sn83032199/issues</subfield></datafield></record>